@INPROCEEDINGS{Bosch2006,
    author={Bosch, S. and Lacroix, S. and Caballero, F.},
    booktitle={Intelligent Robots and Systems, 2006 IEEE/RSJ International Conference on},
    title={Autonomous Detection of Safe Landing Areas for an UAV from Monocular Images},
    year={2006},
    month={oct.},
    volume={},
    number={},
    pages={5522 - 5527},
    keywords={2D image homographies;3D planes;UAV;adaptive thresholding;autonomous detection;correlation scores;flying robots;horizontal planar areas;monocular image sequences;robust homography estimation;safe landing areas;stochastic grid;adaptive control;aerospace robotics;correlation methods;estimation theory;remotely operated vehicles;robot vision;stochastic processes;telerobotics;},
    doi={10.1109/IROS.2006.282188},
    ISSN={},
}

@INPROCEEDINGS{Cabellero2009,
    author={Caballero, F. and Merino, L. and Ferruz, J. and Ollero, A.},
    booktitle={Robotics and Automation, 2006. ICRA 2006. Proceedings 2006 IEEE International Conference on},
    title={Improving vision-based planar motion estimation for unmanned aerial vehicles through online mosaicing},
    year={2006},
    month={may},
    volume={},
    number={},
    pages={2860 -2865},
    keywords={monocular image sequences;online mosaicing;unmanned aerial vehicles;vision-based planar motion estimation;aerospace robotics;image motion analysis;image segmentation;image sequences;remotely operated vehicles;robot vision;},
    doi={10.1109/ROBOT.2006.1642135},
    ISSN={1050-4729},
}

@INPROCEEDINGS{Feil2008,
    author={Feil, P. and Menzel, W. and Nguyen, T.P. and Pichot, C. and Migliaccio, C.}, 
    booktitle={Microwave Conference, 2008. EuMC 2008. 38th European},
    title={Foreign Objects Debris Detection (FOD) on Airport Runways Using a Broadband 78 GHz Sensor}, 
    year={2008},
    month={oct.},
    volume={},
    number={},
    pages={1608 -1611},
    keywords={Aix Les Milles airport;airport runways;broadband sensor;continuous wave radar;distance 110 m to 500 m;foreign object debris detection;frequency 73 GHz to 80 GHz;frequency modulated radar;millimeter-wave front-end;millimeter-wave sensors;radar sensor;CW radar;FM radar;airports;image sensors;millimetre wave detectors;object detection;remote sensing by radar;},
    doi={10.1109/EUMC.2008.4751779}, 
    ISSN={},
}

@INPROCEEDINGS{Grasmeyer2001,
    author = {Joel M. Grasmeyer and Matthew T. Keennon and Aerovironment Inc},
    title = {Development of the Black Widow Micro Air Vehicle},
    booktitle = {39th AIAA Aerospace Sciences Meeting and Exhibit},
    year = {2001}
}

@misc{Dijkshoorn2012,
author = {Nick Dijkshoorn},
title = {Simultaneous localization and mapping with the AR.Drone},
school = {Universiteit van Amsterdam},
howpublished = {Master's thesis, Universiteit van Amsterdam},
month = {July},
year = 2012,
_url={http://www.nickd.nl/dl/thesis_Nick_Dijkshoorn.pdf},
}

@ARTICLE{Frew2004,
    author={Frew, E. and McGee, T. and Kim, Z. and Xiao, X. and Jackson, S. and Morimoto, M. and Rathinam, S. and Padial, J. and Sengupta, R.}, 
    journal={},
    title={Vision-Based Road-Following Using a Small Autonomous Aircraft},
    year={2004},
    month={jan. },
    volume={},
    number={3},
    pages={},
    keywords={},
    doi={},
    ISSN={},
}

@ARTICLE{Katrasnik2010,
    author={Katrasnik, J. and Pernus, F. and Likar, B.}, 
    journal={Power Delivery, IEEE Transactions on},
    title={A Survey of Mobile Robots for Distribution Power Line Inspection},
    year={2010},
    month={jan. },
    volume={25},
    number={1},
    pages={485 -493},
    keywords={automated helicopter inspection;automated power line inspection;climbing robots;distribution power line inspection;flying robots;inspection quality;inspection robots;low-cost power line inspection;mobile robots;power quality delivery;inspection;mobile robots;power cables;power distribution lines;power supply quality;},
    doi={10.1109/TPWRD.2009.2035427},
    ISSN={0885-8977},
}

@ARTICLE{Lhuillier2002,
    author={Lhuillier, M. and Long Quan},
    journal={Pattern Analysis and Machine Intelligence, IEEE Transactions on},
    title={Match propagation for image-based modeling and rendering},
    year={2002},
    month={aug},
    volume={24},
    number={8},
    pages={ 1140 - 1146},
    keywords={ best-first strategy; discrete 2D gradient disparity limit; half-occluded areas; image-based modeling; match propagation; quasi-dense disparity map; quasi-dense matching algorithm; rendering; image matching; rendering (computer graphics);},
    doi={10.1109/TPAMI.2002.1023810},
    ISSN={0162-8828},
}

@ARTICLE{Majidi2009,
    author = {Majidi, B. and Bab-Hadiashar, A.},
    affiliation = {Swinburne University of Technology Faculty of Engineering and Industrial Sciences Melbourne Australia},
    title = {Aerial tracking of elongated objects in rural environments},
    journal = {Machine Vision and Applications},
    publisher = {Springer Berlin / Heidelberg},
    issn = {0932-8092},
    keyword = {Computer Science},
    pages = {23-34},
    volume = {20},
    issue = {1},
    url = {http://dx.doi.org/10.1007/s00138-007-0102-2},
    note = {10.1007/s00138-007-0102-2},
    year = {2009}
}

@ARTICLE{Mills2010, 
    author={Mills, S.J. and Castro, M.P.G. and Zhengrong Li and Jinhai Cai and Hayward, R. and Mejias, L. and Walker, R.A.},
    journal={Geoscience and Remote Sensing, IEEE Transactions on},
    title={Evaluation of Aerial Remote Sensing Techniques for Vegetation Management in Power-Line Corridors},
    year={2010},
    month={sept. },
    volume={48},
    number={9},
    pages={3379 -3390},
    keywords={LiDAR data;aerial remote sensing techniques;airborne sensors;along-track position;cross-track distance;crown delineation;detection rate;detection rates;fixed-wing aircraft;georeferencing;ground truth data;image data;image segmentation;morphologic reconstruction;multispectral imagery;pole height;power transmission lines;power-line corridors;pulse-coupled neural network;root-mean-square-error values;stereo matching;stereo vision;tree detection;tree height;vegetation height estimation;vegetation management;vegetation mapping;airborne radar;geophysical image processing;image segmentation;neural nets;optical radar;photogrammetry;remote sensing by radar;vegetation mapping;},
    doi={10.1109/TGRS.2010.2046905},
    ISSN={0196-2892},
}

@INPROCEEDINGS{Obodez1994,
    author={Odobez, J.M. and Bouthemy, P.},
    booktitle={Image Processing, 1994. Proceedings. ICIP-94., IEEE International Conference},
    title={Detection of multiple moving objects using multiscale MRF with camera motion compensation},
    year={1994},
    month={nov},
    volume={2},
    number={},
    pages={257 -261 vol.2},
    keywords={ 2D parametric motion model; apparent flow field; camera motion compensation; energy function; experiments; image registration; image sequences; multiple moving objects detection; multiresolution robust method; multiscale MRF; multiscale Markov random field; observations; parameter estimation; statistical regularization; Markov processes; cameras; image registration; image resolution; image sequences; motion compensation; motion estimation; parameter estimation;},
    doi={10.1109/ICIP.1994.413571},
    ISSN={},
}

@INPROCEEDINGS{Qunju2009,
    author={Xu Qunyu and Ning Huansheng and Chen Weishi},
    booktitle={Imaging Systems and Techniques, 2009. IST '09. IEEE International Workshop on},
    title={Video-based Foreign Object Debris detection},
    year={2009},
    month={may},
    volume={},
    number={},
    pages={119 -122},
    keywords={Nanyang airport;aircraft safety;camera sensors;foreign object debris detection;image change detection;target detection algorithm;video-based experimental system;aircraft;cameras;object detection;video signal processing;},
    doi={10.1109/IST.2009.5071615},
    ISSN={},
}

@ARTICLE{Steder2008,
    title={Visual SLAM for Flying Vehicles},
    volume={24},
    url={http://ieeexplore.ieee.org/xpls/abs_all.jsp?arnumber=4636756},
    number={5},
    journal={IEEE Transactions on Robotics},
    publisher={IEEE},
    author={Steder, B and Grisetti, G and Stachniss, C and Burgard, W},
    year={2008},
    pages={1088-1093}
}

@ARTICLE{Tanjung2010,
    title={A Method for Detecting Breaches and New Objects in Multiple Outdoor Images},
    volume={7},
    number={1},
    journal={International Journal of Advanced Robotic Systems},
    author={Tanjung, Guntur and Lu, Tien-Fu and Lozo, Peter},
    year={2010},
    pages={39-54}
}

@INPROCEEDINGS{Wang2010,
    author={Binhai Wang and Xiguang Chen and Qian Wang and Liang Liu and Hailong Zhang and Bingqiang Li},
    booktitle={Applied Robotics for the Power Industry (CARPI), 2010 1st International Conference on},
    title={Power line inspection with a flying robot},
    year={2010},
    month={oct.},
    volume={},
    number={},
    pages={1 -6},
    keywords={SmartCopter;electric grid maintenance;flying robot;grid distribution;power line inspection;risk reduction;transmission line inspection;unmanned autonomous helicopter;unmanned flying system;aerospace robotics;helicopters;inspection;maintenance engineering;mobile robots;power cables;power transmission lines;remotely operated vehicles;},
    doi={10.1109/CARPI.2010.5624430},
    ISSN={}
}

@INPROCEEDINGS{Dupuis2006, 
    author={ Dupuis, J. and Parizeau, M.}, 
    booktitle={Computer and Robot Vision, 2006. The 3rd Canadian Conference on}, title={Evolving a Vision-Based Line-Following Robot Controller}, 
    year={2006}, 
    month={june}, 
    volume={}, 
    number={}, 
    pages={ 75}, 
    keywords={}, 
    doi={10.1109/CRV.2006.32}, 
    ISSN={}
}

@ARTICLE{Sampei1995,
    author={Sampei, M. and Tamura, T. and Kobayashi, T. and Shibui, N.}, 
    journal={Control Systems Technology, IEEE Transactions on}, title={Arbitrary path tracking control of articulated vehicles using nonlinear control theory}, 
    year={1995}, 
    month={mar}, 
    volume={3}, 
    number={1}, 
    pages={125 -131}, 
    keywords={8-shaped path tracking control;arbitrary path tracking control;articulated vehicles;exact linearization;nonlinear control theory;semitrailer-like vehicle;time scale transformation;linearisation techniques;nonlinear control systems;road vehicles;tracking;}, 
    doi={10.1109/87.370718}, 
    ISSN={1063-6536}
}

@ARTICLE{Bajaj2002,
    author={Bajaj, R. and Ranaweera, S.L. and Agrawal, D.P.},
    journal={Computer}, title={GPS: location-tracking technology},
    year={2002},
    month={apr},
    volume={35},
    number={4},
    pages={92 -94},
    keywords={GPS accuracy;Global Positioning System;commercial use;global reach;ground antennas;location-tracking technology;mobile objects;monitor stations;navigation data;numerous obstructions;orbital paths;satellites;tracking techniques;wireless technology;Global Positioning System;packet radio networks;tracking;},
    doi={10.1109/MC.2002.993780},
    ISSN={0018-9162}
}

@INPROCEEDINGS{Krajnik2011,
    author = {Tom{\' a}{\v s} Krajn{\'\i}k and Vojta Von{\' a}sek and Dan Fi{\v s}er and Jan Faigl},
    title = {{AR-Drone as a Robotic Platform for Research and Education}},
    booktitle = {{International Conference on Research and Education in Robotics}},
    publisher = {Springer},
    address = {Heidelberg},
    year = {2011},
    ISSN = {1865-0929},
    language = {English}
}

@BOOK{Bradski2008,
    title = {Learning OpenCV},
    year = {2008},
    publisher = {O{\textquoteright}Reilly Media Inc.},
    organization = {O{\textquoteright}Reilly Media Inc.},
    keywords = {AI, artificial intelligence, computer vision, machine learning, perception, vision},
    issn = {978-0-596-51613-0},
    url = {http://oreilly.com/catalog/9780596516130},
    author = {Gary Bradski and Adrian Kaehler}
}

@misc{Jurriaans2011,
    author = {Robrecht Jurriaans},
    title = {Flow based Obstacle Avoidance for Real World Autonomous Aerial Navigation Tasks},
    school = {Universiteit van Amsterdam},
    howpublished = {Bachelor's thesis, Universiteit van Amsterdam},
    month = {August},
    year = 2011,
    _url={http://staff.science.uva.nl/~bredeweg/pdf/BSc/20102011/Jurriaans.pdf}
}

@ARTICLE{Kiryati1991,
    title = "A probabilistic Hough transform",
    journal = "Pattern Recognition",
    volume = "24",
    number = "4",
    pages = "303 - 316",
    year = "1991",
    note = "",
    issn = "0031-3203",
    doi = "10.1016/0031-3203(91)90073-E",
    author = "N. Kiryati and Y. Eldar and A.M. Bruckstein",
    keywords = "Computer vision",
    keywords = "Feature extraction",
    keywords = "Hough Transform",
    keywords = "Monte-Carlo methods",
    keywords = "Probabilistic algorithms"
}

@ARTICLE{Ziou1998,
    author = {Djemel Ziou and Salvatore Tabbone},
    title = {Edge Detection Techniques - An Overview},
    journal = {International Journal of Pattern Recognition and Image Analysis},
    year = {1998},
    volume = {8},
    pages = {537--559}
}

@ARTICLE{Canny1986,
    author={Canny, John},
    journal={Pattern Analysis and Machine Intelligence, IEEE Transactions on}, title={A Computational Approach to Edge Detection},
    year={1986},
    month={nov. },
    volume={PAMI-8},
    number={6},
    pages={679 -698},
    keywords={},
    doi={10.1109/TPAMI.1986.4767851},
    ISSN={0162-8828}
}

@INPROCEEDINGS{Bills2011,
    author={Bills, C. and Chen, J. and Saxena, A.},
    booktitle={Robotics and Automation (ICRA), 2011 IEEE International Conference on}, title={Autonomous MAV flight in indoor environments using single image perspective cues},
    year={2011},
    month={may},
    volume={},
    number={},
    pages={5776 -5783},
    keywords={3D model;autonomous MAV flight;co-axial miniature helicopter;indoor environments;miniature aerial vehicles;miniature camera;range sensor;single image perspective cues;toy quadrotor;vision algorithms;aerospace robotics;cameras;distance measurement;helicopters;mobile robots;remotely operated vehicles;robot vision;solid modelling;},
    doi={10.1109/ICRA.2011.5980136},
    ISSN={1050-4729}
}

@INPROCEEDINGS{Gerke2011,
    year = {2011},
    author = {P.K. Gerke and J. Langevoort and S. Lagarde and L. Bax and T. Grootswagers and R.-J. Drenth and V. Slieker and L. Vuurpijl and P. Haselager and I.G. Sprinkhuizen-Kuyper and M. Otterlo and G.C.H.E. de Croon},
    title = {BioMAV: bio-inspired intelligence for autonomous flight},
    booktitle = {Proceedings of the International Micro Air Vehicle conference and competitions, 12-15 September (IMAV 2011)}
}

@INPROCEEDINGS{Zhengrong2008,
    author={Zhengrong Li and Yuee Liu and Hayward, R. and Jinglan Zhang and Jinhai Cai},
    booktitle={Image and Vision Computing New Zealand, 2008. IVCNZ 2008. 23rd International Conference}, title={Knowledge-based power line detection for UAV surveillance and inspection systems},
    year={2008},
    month={nov.},
    volume={},
    number={},
    pages={1 -6},
    keywords={Hough transform;automatic vision;background noise removal;electrical power infrastructure surveillance;knowledge based line clustering;knowledge-based power line detection;optical remote sensors;power line inspection system;pulse coupled neural network filter;unmanned aerial vehicles surveillance;Hough transforms;aircraft control;filtering theory;image denoising;inspection;knowledge based systems;neural nets;pattern clustering;power cables;power engineering computing;power system control;remotely operated vehicles;robot vision;surveillance;}, 
    doi={10.1109/IVCNZ.2008.4762118}, 
    ISSN={}
}

@INPROCEEDINGS{Golightly2005,
    author={Golightly, I. and Jones, D.},
    booktitle={Advanced Robotics, 2005. ICAR '05. Proceedings., 12th International Conference on}, title={Visual control of an unmanned aerial vehicle for power line inspection},
    year={2005},
    month={july},
    volume={},
    number={},
    pages={288 -295},
    keywords={Hough transform;artificial-vision system;attitude control;closed-loop vision system;free-flying aircraft;position control;power line inspection;robotic vehicle;rotorcraft;unmanned aerial vehicle;visual control;Hough transforms;attitude control;closed loop systems;helicopters;inspection;position control;power overhead lines;remotely operated vehicles;robot vision;},
    doi={10.1109/ICAR.2005.1507426},
    ISSN={}
}

@inproceedings{Miguel2012,
    booktitle = {The 10th International FLINS Conference on Uncertainty Modeling in Knowledge Engineering and Decision Making (FLINS 2012) },
    month = {June},
    title = {Quadcopter see and avoid using a fuzzy controller},
    author = {Miguel A. Olivares-Mendez and Luis Mejias and Pascual Campoy and Ignacio Mellado-Bataller},
    address = {Istanbul, Turkey },
    publisher = {World Scientific},
    year = {2012},
    keywords = {Fuzzy Systems, UAV, UAS, Visual Control},
    url = {http://eprints.qut.edu.au/50749/},
    abstract = {Unmanned Aerial Vehicles (UAVs)  industry is a fast growing sector. Nowadays, the market offers numerous possibilities for off-the-shelf UAVs such as quadrotors or fixed-wings. Until UAVs demonstrate advance capabilities such as autonomous collision avoidance they will be segregated and restricted to flight in controlled environments. This work presents a visual fuzzy servoing system for obstacle avoidance using UAVs. To accomplish this task we used the visual information from the front camera. Images are processed off-board and the result send to the Fuzzy Logic controller which then send commands to modify the orientation of the aircraft. Results from flight test are presented with a commercial off-the-shelf platform.
}

@INPROCEEDINGS{Zhang2008,
    author = {Tianguang Zhang and Haiyan Wu and Er Borst and Kolja Kühnlenz and Martin Buss and Technische Universität München},
    title = {An fpga implementation of insect-inspired motion detector for high-speed vision systems},
    booktitle = {IEEE International Conference on Robotics and Automation (ICRA},
    year = {2008},
    pages = {335--340}
}

@MISC{Shi1994,
    author = {Jianbo Shi and Carlo Tomasi},
    title = {Good features to track},
    year = {1994}
}

@inproceedings{Harris1988,
    author = {Harris, C. and Stephens, M.},
    booktitle = {Proceedings of The Fourth Alvey Vision Conference},
    keywords = {interest-points, matching},
    pages = {147--151},
    priority = {3},
    title = {{A Combined Corner and Edge Detection}},
    url = {http://www.csse.uwa.edu.au/\~{}pk/research/matlabfns/Spatial/Docs/Harris/A\_Combined\_Corner\_and\_Edge\_Detector.pdf},
    year = {1988}
}

@book{Trucco1998,
    author = {Trucco, Emanuele and Verri, Alessandro},
    title = {Introductory Techniques for 3-D Computer Vision},
    year = {1998},
    isbn = {0132611082},
    publisher = {Prentice Hall PTR},
    address = {Upper Saddle River, NJ, USA},
}

@ARTICLE{Bouguet2000,
    author = {Jean-yves Bouguet},
    title = {Pyramidal implementation of the Lucas Kanade feature tracker},
    journal = {Intel Corporation, Microprocessor Research Labs},
    year = {2000}
}
